<?xml version="1.0" encoding="UTF-8"?><collection xmlns="http://www.loc.gov/MARC21/slim"><record><leader>00562nam--2200205-u-4500</leader><controlfield tag="001">000054783</controlfield><controlfield tag="002">20161230</controlfield><controlfield tag="005">20170306143658</controlfield><controlfield tag="008">120611s1000------------r-----000-0-eng-d</controlfield><datafield ind1=" " ind2=" " tag="020"><subfield code="a">0198537832</subfield></datafield><datafield ind1=" " ind2=" " tag="040"><subfield code="a">IFIN-HH</subfield></datafield><datafield ind1=" " ind2=" " tag="080"><subfield code="a">539.1:539.17(001.1)</subfield></datafield><datafield ind1="1" ind2=" " tag="100"><subfield code="a">Frobrich, P</subfield></datafield><datafield ind1="1" ind2="0" tag="245"><subfield code="a">Theory of nuclear reactions</subfield><subfield code="c">P. Frobrich, P. Lipperheide</subfield></datafield><datafield ind1=" " ind2=" " tag="260"><subfield code="a">Oxford</subfield><subfield code="b">Clarendon Press</subfield><subfield code="c">1996</subfield></datafield><datafield ind1=" " ind2=" " tag="300"><subfield code="a">476P</subfield></datafield><datafield ind1="0" ind2=" " tag="490"><subfield code="a">Oxford Studies In Nuclear Physics</subfield><subfield code="v">Vol. 18</subfield></datafield><datafield ind1="1" ind2=" " tag="700"><subfield code="a">Lipperheide, R</subfield></datafield><datafield ind1=" " ind2=" " tag="852"><subfield code="a">81459</subfield><subfield code="c">539.17</subfield></datafield><datafield ind1=" " ind2=" " tag="CAT"><subfield code="a">SYS</subfield><subfield code="c">20170306</subfield><subfield code="h">143658</subfield></datafield></record></collection>